@article{pstar,
	author="M. Santcroos and S.D. Olabarriaga and D.S. Katz and  S. Jha",
	title = "Pilot Abstractions for Compute, Data, and Network",
	year = "2012",
	archivePrefix = "arXiv",
	eprint = "1207.6644",
}

@article{rp_paper,
	author = "A. Merzky and M. Santcroos and M. Turilli and S. Jha",
	title = "RADICAL-Pilot: Scalable Execution of Heterogeneous and Dynamic Workloads on Supercomputers",
	year = "2015",
	archivePrefix = "arXiv",
	eprint = "1512.08194"
}

@article{saga_paper,
	author = "A. Luckow and L. Lacinski and S. Jha",
	title = "SAGA BigJob: An Extensible and Interoperable Pilot-Job Abstraction for Distributed Applications and Systems",
	journal = "Cluster, Cloud and Grid Computing (CCGrid)",
	year = "2010",
}

@article{vishal_shah_paper,
	author = "V. Shah and A. Treikalis and S. Jha",
	title = "Towards Effective Selection of Collective XSEDE Resources",
	year = "2012"
}

@article{enmd_paper,
	author = "V. Balasubramanian and A. Treikalis and O. Weidner and S. Jha",
	title = "Ensemble Toolkit: Scalable and Flexible Execution of Ensembles of Tasks",
	year = "2016",
	archivePrefix = "arXiv",
	eprint = "1602.00678"
}

@article{repex_paper,
	author = "A. Treikalis and A. Merzky and H. Chen and T.S. Lee and D.M. York and S. Jha",
	title = "RepEx: A Flexible Framework for Scalable Replica Exchange Molecular Dynamics Simulations",
	year = "2016",
	archivePrefix = "arXiv",
	eprint = "1601.05439"
}

@misc{rp_state_diagram,
	author= "RADICAL-Cybertools",
	title = "RADICAL-Pilot Global State Model",
	year = "2016",
	howpublished = {https://radicalpilot.readthedocs.org/en/stable/\_images/global-state-model-plain.png}
}

@misc{pipeline_pattern,
	author= "RADICAL-Cybertools",
	title = "Pipeline Pattern",
	year = "2016",
	howpublished = {http://radicalensemblemd.readthedocs.org/en/stable/\_images/ \\ pipeline\_pattern.png}
}