@article{pstar,
	author="M. Santcroos and S.D. Olabarriaga and D.S. Katz and  S. Jha",
	title = "Pilot Abstractions for Compute, Data, and Network",
	year = "2012",
	journal = "arXiv",
	url = "http://arxiv.org/abs/1207.6644"
}

@article{rp_paper,
	author = "A. Merzky and M. Santcroos and M. Turilli and S. Jha",
	title = "RADICAL-Pilot: Scalable Execution of Heterogeneous and Dynamic Workloads on Supercomputers",
	year = "2015",
	journal = "arXiv",
	url = "http://arxiv.org/abs/1512.08194"
}

@article{saga_paper,
	author = "A. Luckow and L. Lacinski and S. Jha",
	title = "SAGA BigJob: An Extensible and Interoperable Pilot-Job Abstraction for Distributed Applications and Systems",
	journal = "Cluster, Cloud and Grid Computing (CCGrid)",
	year = "2010",
	url = "http://ieeexplore.ieee.org/xpls/abs_all.jsp?arnumber=5493486&tag=1"
}

@article{vishal_shah_paper,
	author = "V. Shah and A. Treikalis and S. Jha",
	title = "Towards Effective Selection of Collective XSEDE Resources",
	year = "2012",
	journal = "RADICAL-Cybertools Group Repository"
}

@article{enmd_paper,
	author = "V. Balasubramanian and A. Treikalis and O. Weidner and S. Jha",
	title = "Ensemble Toolkit: Scalable and Flexible Execution of Ensembles of Tasks",
	journal = "arXiv",
	year = "2016",
	url = "http://arxiv.org/abs/1602.00678",
}

@article{repex_paper,
	author = "A. Treikalis and A. Merzky and H. Chen and T.S. Lee and D.M. York and S. Jha",
	title = "RepEx: A Flexible Framework for Scalable Replica Exchange Molecular Dynamics Simulations",
	year = "2016",
	journal = "arXiv",
	url = "http://arxiv.org/abs/1601.05439"
}

@misc{rp_state_diagram,
	author= "RADICAL-Cybertools",
	title = "RADICAL-Pilot Global State Model",
	year = "2016",
	url = "https://radicalpilot.readthedocs.org/en/stable/_images/global-state-model-plain.png"
}

@misc{pipeline_pattern,
	author= "RADICAL-Cybertools",
	title = "Pipeline Pattern",
	year = "2016",
	url = "http://radicalensemblemd.readthedocs.org/en/stable/_images/pipeline_pattern.png"
}

@misc{rp_arch,
	author= "RADICAL-Cybertools",
	title = "RADICAL-Pilot Architecture",
	year = "2016",
	url = "https://radical-cybertools.github.io/"
}

@misc{k_means,
	author= "M. Matteucci",
	title= "A Tutorial on Clustering Algorithms: K-Means Clustering",
	year= "2016",
	url= "http://home.deib.polimi.it/matteucc/Clustering/tutorial_html/kmeans.html"
}

@misc{apache_hadoop_yarn,
	author= "Apache Software Foundation",
	title = "Apache Hadoop YARN",
	year = "2016",
	url = "http://hadoop.apache.org/docs/current/hadoop-yarn/hadoop-yarn-site/YARN.html"
}

@article{hadoop_paper,
	author = "A. Luckow and I. Paraskevakos and G. Chantzialexiou and S. Jha",
	title = "Hadoop on HPC: Integrating Hadoop and Pilot-based Dynamic Resource Management",
	year = "2016",
	journal = "arXiv",
	url = "http://arxiv.org/abs/1602.00345"
}