@misc{rp_arch,
	author= "RADICAL-Cybertools",
	title = "RADICAL-Pilot Architecture",
	year = "2016",
	url = "https://radical-cybertools.github.io/"
}

@misc{k_means,
	author= "M. Matteucci",
	title= "A Tutorial on Clustering Algorithms: K-Means Clustering",
	year= "2016",
	url= "http://home.deib.polimi.it/matteucc/Clustering/tutorial_html/kmeans.html"
}

@misc{apache_hadoop_yarn,
	author= "Apache Software Foundation",
	title = "Apache Hadoop YARN",
	year = "2016",
	url = "http://hadoop.apache.org/docs/current/hadoop-yarn/hadoop-yarn-site/YARN.html"
}

@article{hadoop_paper,
	author = "A. Luckow and I. Paraskevakos and G. Chantzialexiou and S. Jha",
	title = "Hadoop on HPC: Integrating Hadoop and Pilot-based Dynamic Resource Management",
	year = "2016",
	journal = "arXiv",
	url = "http://arxiv.org/abs/1602.00345"
}

@misc{rp_state_diagram,
	author= "RADICAL-Cybertools",
	title = "RADICAL-Pilot Global State Model",
	year = "2016",
	url = "https://radicalpilot.readthedocs.org/en/stable/_images/global-state-model-plain.png"
}